2994 4996
180 460 230 527 -32

272 665 324 731 Cf.
355 666 470 749 Greg.
503 666 593 747 VII,
629 672 745 747 1107,
772 673 790 729 9
816 685 914 746 sqq.:
943 667 1143 737 Ἐναντίος
1177 668 1217 731 δὲ
1249 669 1305 737 ὡς

183 775 225 837 τό
249 772 423 856 ’μείνατ’
449 773 511 835 ἐπὶ
534 773 677 855 χρόνον
702 794 708 805 ’
732 773 793 836 τὸν
815 775 952 847 πολύν,
976 774 1040 837 τὸν
1064 775 1201 856 ὀλίγον
1226 794 1232 806 ·
1258 775 1302 837 οὐ

183 882 313 950 καλῶς
337 881 355 943 6
374 879 569 962 Ἑρμογένης
591 882 758 963 παρήγαγε
780 881 983 962 παράδειγμα
1010 887 1075 944 τῶν
1098 882 1246 945 ἐναντίων
1268 881 1303 944 τὸ

183 986 264 1050 πολὺ
295 987 349 1049 καὶ
378 986 413 1050 τὸ
444 986 551 1068 ὀλίγον
575 1007 581 1019 ·
611 992 675 1050 τῶν
702 988 784 1070 πρός
813 1012 840 1050 τι
864 987 925 1070 γάρ
955 988 1076 1070 τίθησιν
1104 987 1182 1051 εἶναι
1204 993 1302 1051 τοῦτο

184 1095 203 1157 6
221 1090 512 1176 Ἀριστοτέλης)

274 1199 308 1287 2)
333 1201 471 1266 Tzetzes
498 1201 519 1265 l.
544 1202 565 1266 l.
590 1221 620 1283 p.
648 1206 720 1284 135,
752 1208 916 1284 27--136,
948 1207 985 1266 3:

185 1307 229 1382 ,Ὁ
256 1311 476 1391 γεωμέτρης
498 1308 566 1372 τὸν
588 1309 730 1392 καιρὸν
753 1315 821 1372 νῦν
845 1311 914 1372 οὐκ
938 1310 1121 1392 εἰρῆσθαι
1145 1309 1265 1390 λέγει’

187 1415 320 1499 Τζέτζης
341 1417 439 1500 φησὶν
463 1417 505 1488 δέ,
529 1417 685 1499 ἄνθρωπε
708 1416 821 1498 καιρὸν
845 1416 921 1480 εἶναι
942 1441 999 1499 μοι
1018 1417 1083 1479 νόει

184 1522 220 1587 τὸ
243 1529 306 1594 τοῖς
328 1524 517 1606 συνδέσμοις
545 1525 685 1606 χρῆσθαι
708 1525 775 1606 μέν,
800 1525 839 1586 άν
861 1529 995 1606 πρᾶγμα
1017 1523 1213 1606 μεγεθύνης,·

186 1631 232 1702 ὡς
254 1628 347 1702 οὗτος
370 1632 485 1713 γράφει
509 1631 527 1693 6
551 1631 640 1713 ἀνήρ,
664 1631 702 1694 οὗ
726 1630 788 1712 χρὴ
813 1631 1099 1713 μοκρηγορίος
1124 1680 1130 1691 .
1152 1680 1185 1692 ..

185 1745 248 1808 τοῖς
272 1739 454 1808 ἀσονθέτοις
476 1737 560 1820 ἦθος
583 1738 617 1801 θέ
642 1738 765 1808 δεικνὺς
789 1736 967 1809 ἐπιεικείας)

275 1844 327 1911 Of.
357 1844 471 1927 Greg.
500 1865 532 1926 p.
560 1850 668 1926 1211,
695 1850 741 1909 19
771 1863 838 1926 sq.:
866 1845 964 1928 πλὴν
992 1845 1221 1917 άποσιωπά,
1250 1845 1308 1914 τίς

187 1954 205 2016 6
227 1953 396 2034 καιρός,Ι
411 1953 521 2023 ἁπλῶς
544 1953 652 2026 εἰπών,
678 1953 753 2015 ὅταν
777 1953 929 2035 ἑκατέρου
954 1952 1075 2035 κοιράς.

278 2058 311 2146 3)
335 2060 474 2124 Tzetzes
497 2059 518 2124 l.
543 2059 619 2141 lp.
648 2065 720 2142 138,
747 2065 889 2125 10—19:

272 2165 312 2231 ‘O
334 2169 564 2250 γεωμέτρης
588 2169 622 2232 δέ
645 2169 720 2250 ἡμῖν
743 2168 836 2230 πάλιν
859 2168 990 2231 κενώσει
1012 2167 1107 2249 λόγον

276 2271 425 2356 λέγωνῖ·
451 2275 506 2350 ,τὸ
529 2281 601 2338 νῦν
625 2275 841 2347 ἀντίθετον,
865 2277 883 2337 ὃ
903 2274 1133 2357 Ἑρμογένης
1154 2273 1274 2355 λέγει,

277 2383 348 2445 οὐκ
372 2384 473 2446 ἔστιν
497 2382 582 2446 οἷον
606 2384 764 2464 εἴρηκεν
786 2383 979 2463 εθρέσεων
1001 2390 1043 2464 τῇ
1065 2380 1191 2463 βίβλῳ
1217 2400 1224 2413 ·

277 2489 407 2552 έκεῖνο
431 2495 565 2572 σχῆμα
588 2485 759 2563 λέξεωςθ,
783 2495 897 2553 τοῦτο
927 2489 967 2553 δέ
992 2487 1191 2558 ὃιονοίος’.

277 2593 306 2659 ὦ
330 2597 532 2678 γεωμέτρο
556 2596 718 2679 σκάπησον
741 2596 795 2658 καὶ
818 2596 855 2659 σὺ
879 2597 933 2659 καὶ
955 2597 1068 2666 πάντες
1092 2595 1180 2658 ἄλλοι
1204 2615 1212 2627 ·

277 2709 368 2765 τοῦτο
392 2703 590 2766 ἀντίθετόν
574 2727 654 2766 εστιν
678 2704 788 2785 ὥσπερ
812 2703 866 2766 καί
890 2702 1022 2785 Τζέτζης
1044 2703 1151 2784 λέγει·

277 2811 379 2873 ἐκεῖ
361 2834 379 2873 ο
399 2809 593 2893 Ἑρμογένης
618 2811 652 2874 δὲ
675 2811 878 2894 ψευσάμενος
901 2811 1024 2893 εἰρήκει.

189 2915 309 3003 (19)
277 2941 316 2981 συ
334 2918 584 2999 μακρολογεῖς
604 2918 639 2981 δέ
658 2918 758 2981 πολλὰ
773 2942 825 2981 και
817 2918 1041 2988 πλατύνεις
1059 2917 1122 2987 τὰς
1138 2885 1312 2999 βίβλους.

277 3023 329 3088 Of.
362 3024 481 3107 erog
515 3023 1314 3108 p.1254,1c,17;1255,9,12.11⁶92

189 3131 462 3195 ἀντιθέτουθὲ
494 3133 666 3195 ἐνταῦθα
700 3077 881 3195 διδάσκει
909 3133 953 3195 οὐ
985 3133 1185 3204 τοιούτου,
1217 3133 1314 3213 περὶ

190 3236 233 3301 οὗ
257 3239 292 3301 έν
315 3244 394 3308 τοῖς
417 3240 610 3320 εὑρέοεσιν
634 3240 765 3321 ιγθάσας
784 3240 1025 3321 έτεχνολάγησεν
1050 3237 1104 3322 (cf.
1129 3237 1198 3302 cod.
1221 3237 1312 3303 Mon.

190 3345 264 3409 adn.
299 3345 333 3431 6)
359 3347 496 3409 ...καὶ
529 3347 649 3409 έκεῖνο
680 3346 740 3428 μέν
773 3352 908 3429 σχῆμα
940 3346 1082 3418 λέξεώς
1112 3346 1192 3408 έστιν

189 3458 299 3516 τοῦτο
324 3453 363 3516 δὲ
389 3452 423 3515 τὸ
447 3460 554 3536 σχῆμα
579 3454 755 3522 διανοίας
778 3454 866 3516 έστίν.

279 3718 287 3747 ¹
306 3717 351 3770 Ite
370 3718 453 3771 codex
471 3718 639 3772 Monacensis
659 3719 692 3772 cf.
711 3735 736 3785 p.
757 3719 824 3772 1107
844 3719 905 3772 adn.
924 3720 966 3772 24.

279 3806 289 3835 2
307 3807 352 3860 Ito
369 3807 513 3876 legendum
531 3823 579 3874 pro
596 3808 676 3860 λύων.

280 3894 352 3948 ³Ito
382 3896 526 3965 legendum
558 3913 606 3963 pro
638 3896 721 3964 λέγων
749 3897 781 3949 ο1.
812 3896 857 3950 Gr.
887 3898 964 3963 1254,
992 3899 1008 3949 9
1035 3897 1121 3949 ἐκεῖνο
1147 3894 1196 3964 μὲν
1221 3905 1317 3967 σχῆμα

190 3984 325 4046 λέξεως.
362 3985 453 4038 Etiam
471 3991 587 4039 metrum
607 3988 712 4055 (versos
730 3992 794 4039 sunt
808 3986 911 4053 politici
931 3986 1116 4053 quindecim
1135 3986 1316 4057 syllabarum)

189 4073 238 4126 hos
257 4073 355 4143 exiget.

280 4163 319 4218 Cf.
333 4164 389 4218 Leo
403 4164 485 4217 Allat
501 4164 580 4217 cliatr
596 4164 629 4217 de
644 4164 741 4234 Georg.
756 4165 827 4232 apud
841 4165 992 4218 Fabricium
1006 4166 1068 4219 bibl.
1082 4181 1124 4234 gr.
1139 4164 1173 4231 X,
1188 4166 1249 4231 627,
1265 4167 1317 4220 28:

189 4272 327 4321 σοναγωγη
347 4260 400 4305 τῶν
418 4253 475 4321 ἀνα,
477 4254 631 4306 κοιοτάτων
644 4254 832 4361 ε’ξηγήσεων’
808 4276 844 4313 εις
859 4255 905 4324 τὴν
919 4255 1102 4323 ῥητορικην..
1115 4256 1317 4322 Χριστιανοί·

188 4341 312 4410 Ἰωάννης
347 4342 494 4411 Φιλόσοηος
525 4343 605 4411 μέγας
637 4364 682 4395 και
715 4344 921 4411 ὁρθοθοξότοτος
953 4344 1113 4413 Σικιλιώτης
1147 4365 1192 4397 και
1224 4344 1319 4413 ἕτερος

189 4431 339 4498 Ἰωάννης
358 4432 588 4492 διδάσκαλος
573 4454 587 4484 ο
605 4433 806 4500 Γεωμέτρης.
