3022 4996
302 1752 446 1855 Nullius
469 1784 539 1851 fere
562 1785 703 1851 rhetoris
727 1784 852 1867 scripta
875 1785 1006 1867 saepius
1026 1790 1125 1866 atque
1144 1785 1333 1869 diligentius

215 1890 553 1958 acommentatoribus
569 1897 716 1957 tractata
732 1897 807 1958 sunt
822 1911 917 1972 quam
932 1892 1146 1976 Hermogenis
1162 1893 1334 1959 Tarsensis

212 2001 303 2083 τέχνη
343 2002 505 2083 ῥητορική.
559 1998 652 2082 Quod
688 2001 776 2065 haud
812 2000 861 2064 ita
900 2000 1014 2065 mirum
1054 2005 1120 2066 est:
1156 2000 1213 2068 vix
1250 2001 1334 2066 enim

214 2106 338 2188 scripta
367 2108 434 2172 ulla
463 2106 628 2172 rhetorica
655 2126 714 2188 per
744 2112 870 2172 tantum
895 2107 1050 2189 temporis
1074 2107 1215 2189 spatium
1239 2113 1335 2172 tanta

213 2213 392 2279 floruerunt
426 2212 649 2296 anctoritate¹‚
688 2233 752 2294 qua
784 2214 1001 2297 Hermogenis
1042 2213 1117 2280 libri
1154 2212 1335 2295 rhetorioi‚2

214 2320 332 2402 quippe
365 2322 419 2402 qui
448 2321 536 2387 mille
572 2322 665 2388 annis
702 2321 840 2404 amplius
872 2361 911 2368 —
945 2320 965 2386 a
992 2320 1176 2403 primordiis
1208 2321 1334 2403 imperii

213 2428 389 2511 Byzantini
411 2448 512 2509 usque
537 2429 580 2494 ad
603 2428 906 2511 Constantinopolin
931 2434 1152 2512 expugnatam
1175 2467 1215 2474 —
1242 2428 1335 2509 quasi

213 2535 457 2602 fundamentum
495 2540 614 2618 essent,
649 2555 711 2616 quo
750 2537 800 2602 usi
832 2537 1013 2602 scholarum
1044 2536 1194 2619 magistri
1216 2555 1334 2619 pueros

213 2647 311 2722 atque
334 2643 468 2709 iuvenes
492 2643 665 2709 instituere
692 2645 852 2709 solebant.

300 2750 391 2816 Unus
422 2751 627 2832 Aphthonius
661 2770 732 2816 cum
759 2752 965 2834 Hermogene
1000 2749 1178 2816 contendit.
1230 2750 1335 2815 Huius

198 2855 298 2921 onim
325 2862 614 2940 progymnasmata
642 2862 769 2923 tantam
799 2858 834 2923 in
867 2859 1032 2923 rhetorum
1066 2857 1184 2923 scholis
1212 2858 1334 2939 adepta

213 2968 288 3028 sunt
302 2964 543 3045 auctoritatem,
564 2970 601 3029 ut
614 2964 829 3048 Hermogenis
841 2966 1125 3048 προγυμνάσματα,
1143 2964 1184 3028 ad
1201 2984 1334 3044 quorum

211 3090 356 3135 normam
388 3070 594 3154 Aphthonius
635 3090 694 3137 sua
735 3077 970 3157 composuerat,
1018 3070 1123 3154 magis
1164 3071 1333 3152 magisque

213 3178 491 3244 oblitterarentur.
544 3179 598 3243 lta
627 3178 809 3261 explicatur
844 3180 928 3260 quod
955 3179 1044 3244 nulla
1072 3178 1167 3243 huius
1197 3178 1272 3243 libri
1299 3178 1333 3243 in

213 3285 358 3351 omnibus
381 3285 449 3351 fera
469 3285 632 3351 codicibus
651 3288 692 3350 ab
711 3287 926 3369 Hermogenis
951 3291 1023 3351 arte
1047 3286 1212 3350 rhetorica
1235 3285 1332 3367 plane

212 3392 349 3457 seiuncti
390 3393 482 3457 nobis
524 3398 663 3474 praesto
702 3391 783 3457 sint*
814 3389 963 3474 scholia‚³
1010 3411 1080 3456 cum
1126 3393 1333 3472 Aphthonius

213 3499 451 3565 commentariis
492 3499 671 3565 instructus
712 3499 756 3565 sit
793 3501 834 3563 ab
872 3499 987 3564 iisdem
1023 3496 1236 3580 rhetoribus,4
1279 3499 1332 3579 qui

156 3675 161 3683 ,
211 3605 426 3688 Hermogenis
450 3611 554 3671 artem
577 3606 772 3671 rhetoricam
797 3604 1009 3688 interpretati
1033 3611 1117 3670 sunt,

301 3820 310 3850 ¹
330 3820 369 3874 ltf.
384 3820 493 3874 Suillam
511 3836 532 3873 s.
547 3837 572 3874 v.
583 3819 742 3888 Ἑρμογένης
762 3860 767 3872 .
785 3861 790 3872 .
808 3861 813 3872 .
833 3819 926 3888 τέχνην
940 3819 1093 3888 ῥητορικήν,
1112 3819 1145 3886 ἣν
1162 3817 1227 3884 μετὰ
1241 3825 1331 3885 χεῖρας

211 3911 315 3978 ἔχουσιν
333 3911 450 3969 ἅπαντες.
611 3921 613 3926 “

302 3998 373 4052 ²80.
398 3998 459 4052 libri
483 3999 543 4067 περὶ
562 4000 687 4063 στάσεων,
704 3999 765 4067 περὶ
792 3998 930 4067 εὑρέσεως,
948 3998 1009 4065 περὶ
1028 3998 1115 4060 ἰδεῶν,
1133 3997 1193 4063 περὶ
1211 3997 1330 4063 μεθόδου

212 4090 356 4157 δεινότητος
375 4089 419 4154 qui
438 4095 525 4142 artem
544 4088 663 4142 efficiunt
680 4087 851 4142 rhetoricam.

301 4176 369 4231 ³cf.
384 4177 464 4232 Walz
482 4178 523 4231 rh.
541 4194 583 4246 gr.
598 4177 620 4231 I.
639 4180 657 4229 4
675 4194 713 4244 sq.

299 4267 310 4297 ⁴
327 4267 404 4319 Inter
422 4265 475 4332 eoa,
494 4267 540 4333 qui
559 4272 588 4320 et
601 4267 798 4335 Hermogenem
818 4271 847 4318 et
865 4265 1049 4333 Aphthonium
1068 4265 1240 4317 commentati
1258 4271 1330 4328 sunt,

211 4372 234 4410 e.
257 4374 284 4424 g.
304 4362 346 4410 est
365 4356 479 4408 Ioannes
498 4355 662 4421 Geometras
686 4356 720 4408 de
743 4372 794 4421 quo
819 4361 913 4422 postea
932 4356 1007 4408 nobis
1033 4354 1173 4407 dicendum
1197 4355 1257 4406 erit.
1295 4354 1329 4405 ct'.

210 4452 351 4514 praeterea
371 4445 451 4499 Walz
469 4444 505 4509 II,
524 4461 549 4512 p.
568 4445 619 4498 ΙΙΙ.
