2994 4996
1219 451 1266 518 53

151 660 245 737 1314,
275 662 316 720 22
340 656 376 718 τὰ
395 662 451 718 τοῦ
470 657 613 738 πολέμου
634 653 706 739 (pro
725 657 808 738 πρὸς
827 655 984 741 πολέμου)
1003 655 1125 722 rectius
1149 656 1270 739 legitur

273 780 345 826 eum
373 762 443 827 ced.
473 763 560 826 Μου.
593 761 634 827 ef.
667 761 767 828 etiem
796 763 964 828 Demosth.
988 763 1031 845 H,
1064 770 1120 846 173
1151 763 1208 829 Gr.
1238 784 1270 846 p.

276 874 370 950 1326,
397 875 448 934 20.

152 981 246 1056 1315,
277 981 295 1040 5
320 976 492 1057 ἰόιώοομεν
515 977 580 1059 leg.
605 996 664 1057 pro
688 977 899 1059 ι’ὃαυοόμενλα.

152 1089 246 1164 1317,
278 1089 293 1146 7
329 1083 393 1165 leg.
428 1086 461 1147 ἒν
494 1083 529 1147 δὲ
559 1090 624 1154 τοῖς
651 1082 875 1153 Ὀλυνθιακοῖς
907 1094 960 1164 τῷ
984 1086 1135 1166 ’πρώτῳ
1172 1086 1272 1166 λόγῳ

279 1192 352 1273 (pre
376 1197 431 1253 τοῦ
454 1191 584 1272 πρώτου
604 1187 728 1273 λόγου).
766 1189 888 1254 Reiske
913 1189 995 1255 coni.
1038 1192 1071 1254 ἔν
1090 1192 1174 1274 ἀρχῇ
1192 1217 1217 1256 τ.
1241 1217 1274 1255 π.

274 1298 300 1360 1.
326 1297 384 1380 sed
406 1297 525 1362 lemme
548 1297 609 1361 hee
632 1298 703 1362 loeo
726 1298 884 1362 habemus
907 1296 1204 1379 Hermogenianum
1225 1296 1273 1382 (ε’-ν

275 1409 352 1469 ante
375 1413 422 1485 τῷ
443 1402 477 1467 in
501 1403 613 1468 codiee
636 1404 762 1468 Menae.
788 1403 879 1469 euius
902 1405 1050 1469 recensio
1075 1404 1273 1470 scholiastae

274 1515 385 1576 nestro
408 1514 541 1593 praesto
556 1510 639 1575 'erat
663 1508 775 1594 (1318,
804 1508 877 1594 141)
902 1510 1055 1576 omissum
1080 1515 1130 1576 est
1140 1509 1161 1596 !)

153 1625 247 1701 1326,
280 1624 319 1682 15
344 1637 402 1699 pro
427 1619 569 1681 ἀσθενεῖν
591 1618 765 1699 legendum
790 1619 962 1681 ἀσθενεῖ
983 1617 1023 1682 ef.
1046 1638 1077 1699 p.
1101 1623 1195 1700 1314,
1223 1625 1274 1683 17.

153 1732 247 1807 1336,
277 1732 317 1791 27
342 1726 406 1808 leg.
431 1725 543 1788 τούτου
567 1730 676 1803 [τοῦ]
700 1726 868 1807 δράματος.

154 1839 247 1914 1250,
274 1839 292 1897 6
316 1833 380 1914 leg.
404 1832 463 1902 τὰς
482 1833 588 1914 μέντοι
616 1833 713 1902 αἰτίας
735 1831 791 1909 [δι’
818 1835 874 1909 ἃς]
897 1840 954 1895 νῦν
977 1834 1036 1914 μὲν
1068 1884 1074 1896 .
1098 1883 1104 1895 .
1126 1885 1132 1896 ,
1156 1884 1162 1896 .
1186 1835 1274 1915 αὐτῷ

277 1939 348 2024 (pre
368 1938 491 2024 αὐτοῖς)
515 1937 555 2003 ef.
575 1939 730 2021 Hemneg.
755 1938 814 2020 ΠΙ,
835 1943 910 2020 214,
931 1945 967 2022 8;
993 1939 1050 2005 Gr.
1071 1960 1102 2021 p.
1127 1945 1221 2022 1218,
1242 1947 1273 2005 8.

174 2086 214 2094 —
276 2053 316 2113 26
341 2048 481 2129 φανερὸν
504 2047 538 2109 δὲ
562 2049 737 2129 ποιήσομεν
760 2049 793 2110 ἒν
816 2055 864 2128 τῷ
885 2047 956 2127 περὶ
978 2046 1187 2128 [μεθόδου]
1211 2048 1271 2111 ὃετ-

275 2155 404 2236 νότητος
433 2153 606 2236 legendum
638 2157 698 2218 est.
730 2152 771 2218 ef.
802 2154 955 2234 Hermeg.
986 2153 1045 2234 ΠΙ,
1071 2158 1145 2234 302,
1176 2159 1272 2218 2-5.

155 2268 249 2344 1351,
280 2268 297 2325 5
328 2263 391 2344 leg.
423 2264 442 2344 ἡ
471 2263 505 2324 ἒν
531 2269 576 2342 τῷ
598 2262 669 2343 περὶ
698 2261 846 2342 μεθόδου
871 2260 1064 2342 γλυκύτητος
1095 2261 1272 2342 ἐπαγγελία

276 2376 331 2433 τοῦ
354 2375 495 2451 τεχνικοῦ
524 2369 778 2450 ἐπαληθεύεται
802 2364 875 2450 (pre
898 2369 919 2450 ἥ
946 2418 951 2429 .
975 2418 981 2430 .
1004 2418 1009 2430 ,
1035 2368 1217 2449 ἐπαγγελίαν
1238 2420 1243 2430 ,
1266 2418 1272 2430 .

277 2472 493 2557 ἐπαληθεύει).
